@phdthesis{rosenbaum2009,
  title={Analysis on circles: a modern view of Fourier series},
  author={Rosenbaum, William B.},
  url={http://www.math.ucla.edu/~wrosenbaum/media/thesis.pdf},
  year={2009},
  school={{Reed College  Division of Mathematics and Natural Sciences, Mathematics Dept}, Portland, Or.},
  type={Undergraduate Thesis},
}

@misc{producttopology,
  title={Example of characterization by mapping properties: the product topology},
  author={Paul Garrett},
  url={http://www.math.umn.edu/~garrett/m/mfms/notes/01_product_top.pdf},
  year={2006},
  month={January},
}

@misc{solenoids,
  title={Solenoids},
  author={Paul Garrett},
  url={http://www.math.umn.edu/~garrett/m/mfms/notes/02_solenoids.pdf},
  year={2010},
  month={September},
}

@misc{biggerdiagrams,
  title={Bigger diagrams for solenoids, more automorphisms, colimits},
  author={Paul Garrett},
  url={http://www.math.umn.edu/~garrett/m/mfms/notes/03_more_autos.pdf},
  year={2011},
  month={September},
}

@misc{ursolenoid,
  title={The ur-solenoid and the adeles},
  author={Paul Garrett},
  url={http://www.math.umn.edu/~garrett/m/mfms/notes/04_ur_solenoid.pdf},
  year={2010},
  month={September},
}

@misc{functionsoncircles,
  title={Functions on circles},
  author={Paul Garrett},
  url={http://www.math.umn.edu/~garrett/m/mfms/notes/09_sobolev.pdf},
  year={2011},
  month={November},
}

@misc{functionsonlines,
  title={Functions on the line},
  author={Paul Garrett},
  year={2011},
  month={October},
  note={Unpublished},
}

@book{richards,
  title={Theory of distributions: a non-technical introduction},
  author={Richards, Ian and Youn, Heekyung},
  isbn={9780521371490},
  lccn={89025146},
  series={Encyclopedia of mathematics and its applications},
  year={1990},
  publisher={Cambridge University Press}
}

@book{strichartz,
  title={A guide to distribution theory and Fourier transforms},
  author={Strichartz, Robert S.},
  isbn={9780849382734},
  lccn={93036911},
  series={Studies in advanced mathematics},
  year={1994},
  publisher={CRC Press}
}
